@inproceedings{SimCLR,
  title={A simple framework for contrastive learning of visual representations},
  author={Chen, Ting and Kornblith, Simon and Norouzi, Mohammad and Hinton, Geoffrey},
  booktitle={International conference on machine learning},
  pages={1597--1607},
  year={2020},
  organization={PMLR}
}


@article{GraphCL,
  title={Graph contrastive learning with augmentations},
  author={You, Yuning and Chen, Tianlong and Sui, Yongduo and Chen, Ting and Wang, Zhangyang and Shen, Yang},
  journal={Advances in Neural Information Processing Systems},
  volume={33},
  pages={5812--5823},
  year={2020}
}

@misc{BarlowTwins,
      title={Barlow Twins: Self-Supervised Learning via Redundancy Reduction}, 
      author={Jure Zbontar and Li Jing and Ishan Misra and Yann LeCun and St√©phane Deny},
      year={2021},
      eprint={2103.03230},
      archivePrefix={arXiv},
      primaryClass={cs.CV}
}

@InProceedings{Simsiam,
    author    = {Chen, Xinlei and He, Kaiming},
    title     = {Exploring Simple Siamese Representation Learning},
    booktitle = {Proceedings of the IEEE/CVF Conference on Computer Vision and Pattern Recognition (CVPR)},
    month     = {June},
    year      = {2021},
    pages     = {15750-15758}
}

@inproceedings{MoCo,
  title={Momentum contrast for unsupervised visual representation learning},
  author={He, Kaiming and Fan, Haoqi and Wu, Yuxin and Xie, Saining and Girshick, Ross},
  booktitle={Proceedings of the IEEE/CVF conference on computer vision and pattern recognition},
  pages={9729--9738},
  year={2020}
}

@article{SwAV,
  title={Unsupervised learning of visual features by contrasting cluster assignments},
  author={Caron, Mathilde and Misra, Ishan and Mairal, Julien and Goyal, Priya and Bojanowski, Piotr and Joulin, Armand},
  journal={Advances in Neural Information Processing Systems},
  volume={33},
  pages={9912--9924},
  year={2020}
}

@article{BYOL,
  title={Bootstrap your own latent-a new approach to self-supervised learning},
  author={Grill, Jean-Bastien and Strub, Florian and Altch{\'e}, Florent and Tallec, Corentin and Richemond, Pierre and Buchatskaya, Elena and Doersch, Carl and Avila Pires, Bernardo and Guo, Zhaohan and Gheshlaghi Azar, Mohammad and others},
  journal={Advances in Neural Information Processing Systems},
  volume={33},
  pages={21271--21284},
  year={2020}
}

@inproceedings{MemoryBank,
  title={Unsupervised feature learning via non-parametric instance discrimination},
  author={Wu, Zhirong and Xiong, Yuanjun and Yu, Stella X and Lin, Dahua},
  booktitle={Proceedings of the IEEE conference on computer vision and pattern recognition},
  pages={3733--3742},
  year={2018}
}

@article{SeLa,
  title={Self-labelling via simultaneous clustering and representation learning},
  author={Asano, Yuki Markus and Rupprecht, Christian and Vedaldi, Andrea},
  journal={arXiv preprint arXiv:1911.05371},
  year={2019}
}

@inproceedings{DeepClustering,
  title={Deep clustering for unsupervised learning of visual features},
  author={Caron, Mathilde and Bojanowski, Piotr and Joulin, Armand and Douze, Matthijs},
  booktitle={Proceedings of the European conference on computer vision (ECCV)},
  pages={132--149},
  year={2018}
}

@article{tudataset,
  title={Tudataset: A collection of benchmark datasets for learning with graphs},
  author={Morris, Christopher and Kriege, Nils M and Bause, Franka and Kersting, Kristian and Mutzel, Petra and Neumann, Marion},
  journal={arXiv preprint arXiv:2007.08663},
  year={2020}
}

@article{MoCov2,
  title={Improved baselines with momentum contrastive learning},
  author={Chen, Xinlei and Fan, Haoqi and Girshick, Ross and He, Kaiming},
  journal={arXiv preprint arXiv:2003.04297},
  year={2020}
}

@article{benchmarking,
  title={Benchmarking graph neural networks},
  author={Dwivedi, Vijay Prakash and Joshi, Chaitanya K and Laurent, Thomas and Bengio, Yoshua and Bresson, Xavier},
  journal={arXiv preprint arXiv:2003.00982},
  year={2020}
}

@article{comprehensive,
  title={A comprehensive survey on graph neural networks},
  author={Wu, Zonghan and Pan, Shirui and Chen, Fengwen and Long, Guodong and Zhang, Chengqi and Philip, S Yu},
  journal={IEEE transactions on neural networks and learning systems},
  volume={32},
  number={1},
  pages={4--24},
  year={2020},
  publisher={IEEE}
}

@inproceedings{recommender,
  title={Graph convolutional neural networks for web-scale recommender systems},
  author={Ying, Rex and He, Ruining and Chen, Kaifeng and Eksombatchai, Pong and Hamilton, William L and Leskovec, Jure},
  booktitle={Proceedings of the 24th ACM SIGKDD international conference on knowledge discovery \& data mining},
  pages={974--983},
  year={2018}
}

@article{combinatorial,
  title={Exact combinatorial optimization with graph convolutional neural networks},
  author={Gasse, Maxime and Ch{\'e}telat, Didier and Ferroni, Nicola and Charlin, Laurent and Lodi, Andrea},
  journal={Advances in Neural Information Processing Systems},
  volume={32},
  year={2019}
}

@article{antibiotic,
  title={A deep learning approach to antibiotic discovery},
  author={Stokes, Jonathan M and Yang, Kevin and Swanson, Kyle and Jin, Wengong and Cubillos-Ruiz, Andres and Donghia, Nina M and MacNair, Craig R and French, Shawn and Carfrae, Lindsey A and Bloom-Ackermann, Zohar and others},
  journal={Cell},
  volume={180},
  number={4},
  pages={688--702},
  year={2020},
  publisher={Elsevier}
}

@article{particle,
  title={Graph neural networks in particle physics},
  author={Shlomi, Jonathan and Battaglia, Peter and Vlimant, Jean-Roch},
  journal={Machine Learning: Science and Technology},
  volume={2},
  number={2},
  pages={021001},
  year={2020},
  publisher={IOP Publishing}
}

@inproceedings{social,
  title={Graph neural networks for social recommendation},
  author={Fan, Wenqi and Ma, Yao and Li, Qing and He, Yuan and Zhao, Eric and Tang, Jiliang and Yin, Dawei},
  booktitle={The world wide web conference},
  pages={417--426},
  year={2019}
}

@inproceedings{knowledge,
  title={Estimating node importance in knowledge graphs using graph neural networks},
  author={Park, Namyong and Kan, Andrey and Dong, Xin Luna and Zhao, Tong and Faloutsos, Christos},
  booktitle={Proceedings of the 25th ACM SIGKDD international conference on knowledge discovery \& data mining},
  pages={596--606},
  year={2019}
}

@article{GCN,
  title={Semi-supervised classification with graph convolutional networks},
  author={Kipf, Thomas N and Welling, Max},
  journal={arXiv preprint arXiv:1609.02907},
  year={2016}
}

@article{GAT,
  title={Graph attention networks},
  author={Veli{\v{c}}kovi{\'c}, Petar and Cucurull, Guillem and Casanova, Arantxa and Romero, Adriana and Lio, Pietro and Bengio, Yoshua},
  journal={arXiv preprint arXiv:1710.10903},
  year={2017}
}

@article{GIN,
  title={How powerful are graph neural networks?},
  author={Xu, Keyulu and Hu, Weihua and Leskovec, Jure and Jegelka, Stefanie},
  journal={arXiv preprint arXiv:1810.00826},
  year={2018}
}

@inproceedings{knowledgegraph,
  title={Representation learning on graphs with jumping knowledge networks},
  author={Xu, Keyulu and Li, Chengtao and Tian, Yonglong and Sonobe, Tomohiro and Kawarabayashi, Ken-ichi and Jegelka, Stefanie},
  booktitle={International Conference on Machine Learning},
  pages={5453--5462},
  year={2018},
  organization={PMLR}
}

@article{GraphSAGE,
  title={Inductive representation learning on large graphs},
  author={Hamilton, Will and Ying, Zhitao and Leskovec, Jure},
  journal={Advances in neural information processing systems},
  volume={30},
  year={2017}
}

@article{sslcv,
  title={Self-supervised visual feature learning with deep neural networks: A survey},
  author={Jing, Longlong and Tian, Yingli},
  journal={IEEE transactions on pattern analysis and machine intelligence},
  volume={43},
  number={11},
  pages={4037--4058},
  year={2020},
  publisher={IEEE}
}


@incollection{accurateprotein,
  title={Accurate classification of protein structural families using coherent subgraph analysis},
  author={Huan, Jun and Wang, Wei and Washington, Anglina and Prins, Jan and Shah, Ruchir and Tropsha, Alexander},
  booktitle={Biocomputing 2004},
  pages={411--422},
  year={2003},
  publisher={World Scientific}
}


@article{zhou2021subgraph,
  title={Subgraph Contrastive Link Representation Learning},
  author={Zhou, Jiajun and Xuan, Qi},
  journal={arXiv preprint arXiv:2112.01165},
  year={2021}
}

@inproceedings{trivedi2022augmentations,
  title={Augmentations in Graph Contrastive Learning: Current Methodological Flaws \& Towards Better Practices},
  author={Trivedi, Puja and Lubana, Ekdeep Singh and Yan, Yujun and Yang, Yaoqing and Koutra, Danai},
  booktitle={Proceedings of the ACM Web Conference 2022},
  pages={1538--1549},
  year={2022}
}

@article{zhu2021empirical,
  title={An empirical study of graph contrastive learning},
  author={Zhu, Yanqiao and Xu, Yichen and Liu, Qiang and Wu, Shu},
  journal={arXiv preprint arXiv:2109.01116},
  year={2021}
}

@article{bielak2021graph,
  title={Graph Barlow Twins: A self-supervised representation learning framework for graphs},
  author={Bielak, Piotr and Kajdanowicz, Tomasz and Chawla, Nitesh V},
  journal={arXiv preprint arXiv:2106.02466},
  year={2021}
}

@article{ding2022data,
  title={Data augmentation for deep graph learning: A survey},
  author={Ding, Kaize and Xu, Zhe and Tong, Hanghang and Liu, Huan},
  journal={arXiv preprint arXiv:2202.08235},
  year={2022}
}

@article{zhao2022graph,
  title={Graph Data Augmentation for Graph Machine Learning: A Survey},
  author={Zhao, Tong and Liu, Gang and G{\"u}nnemann, Stephan and Jiang, Meng},
  journal={arXiv preprint arXiv:2202.08871},
  year={2022}
}

@inproceedings{hassani2020contrastive,
  title={Contrastive multi-view representation learning on graphs},
  author={Hassani, Kaveh and Khasahmadi, Amir Hosein},
  booktitle={International Conference on Machine Learning},
  pages={4116--4126},
  year={2020},
  organization={PMLR}
}

@article{mahcl,
  title={HCL: Hybrid Contrastive Learning for Graph-based Recommendation},
  author={Ma, Xiyao and Gao, Zheng and Hu, Qian and AbdelHady, Mohamed}
}

@article{choi2022triangular,
  title={Triangular Contrastive Learning on Molecular Graphs},
  author={Choi, MinGyu and Shin, Wonseok and Lu, Yijingxiu and Kim, Sun},
  journal={arXiv preprint arXiv:2205.13279},
  year={2022}
}


@article{yang2022contrastive,
  title={Contrastive Graph Convolutional Networks with adaptive augmentation for text classification},
  author={Yang, Yintao and Miao, Rui and Wang, Yili and Wang, Xin},
  journal={Information Processing \& Management},
  volume={59},
  number={4},
  pages={102946},
  year={2022},
  publisher={Elsevier}
}


@article{shen2022improving,
  title={Improving Subgraph Representation Learning via Multi-View Augmentation},
  author={Shen, Yili and Yan, Jiaxu and Ju, Cheng-Wei and Yi, Jun and Lin, Zhou and Guan, Hui},
  journal={arXiv preprint arXiv:2205.13038},
  year={2022}
}

@article{hou2022graphmae,
  title={GraphMAE: Self-Supervised Masked Graph Autoencoders},
  author={Hou, Zhenyu and Liu, Xiao and Dong, Yuxiao and Wang, Chunjie and Tang, Jie and others},
  journal={arXiv preprint arXiv:2205.10803},
  year={2022}
}


@article{chen2020big,
  title={Big Self-Supervised Models are Strong Semi-Supervised Learners},
  author={Chen, Ting and Kornblith, Simon and Swersky, Kevin and Norouzi, Mohammad and Hinton, Geoffrey},
  journal={arXiv preprint arXiv:2006.10029},
  year={2020}
}

@article{mutag,
  title={Structure-activity relationship of mutagenic aromatic and heteroaromatic nitro compounds. correlation with molecular orbital energies and hydrophobicity},
  author={Debnath, Asim Kumar and Lopez de Compadre, Rosa L and Debnath, Gargi and Shusterman, Alan J and Hansch, Corwin},
  journal={Journal of medicinal chemistry},
  volume={34},
  number={2},
  pages={786--797},
  year={1991},
  publisher={ACS Publications}
}


@article{nci1,
  title={Comparison of descriptor spaces for chemical compound retrieval and classification},
  author={Wale, Nikil and Watson, Ian A and Karypis, George},
  journal={Knowledge and Information Systems},
  volume={14},
  number={3},
  pages={347--375},
  year={2008},
  publisher={Springer}
}

@article{proteins,
  title={Protein function prediction via graph kernels},
  author={Borgwardt, Karsten M and Ong, Cheng Soon and Sch{\"o}nauer, Stefan and Vishwanathan, SVN and Smola, Alex J and Kriegel, Hans-Peter},
  journal={Bioinformatics},
  volume={21},
  number={suppl\_1},
  pages={i47--i56},
  year={2005},
  publisher={Oxford University Press}
}




